<record><leader>00000cas a22000007a 4500</leader><controlfield tag="001">2264342</controlfield><controlfield tag="008">760620d180918uunyuwr ne      0    0eng d</controlfield><datafield ind1=" " ind2=" " tag="010"><subfield code="a">sn 84031214 </subfield></datafield><datafield ind1=" " ind2=" " tag="040"><subfield code="a">PIT</subfield><subfield code="b">eng</subfield><subfield code="c">PIT</subfield><subfield code="d">NYG</subfield><subfield code="d">NPX</subfield><subfield code="d">NPH</subfield><subfield code="d">NYS</subfield><subfield code="d">MGN</subfield><subfield code="d">NYS</subfield><subfield code="d">OCL</subfield><subfield code="d">OCLCG</subfield><subfield code="d">KRTAS</subfield><subfield code="d">OCLCQ</subfield><subfield code="d">OCLCF</subfield><subfield code="d">OCLCO</subfield></datafield><datafield ind1="1" ind2=" " tag="029"><subfield code="a">AU@</subfield><subfield code="b">000025801003</subfield></datafield><datafield ind1=" " ind2=" " tag="042"><subfield code="a">msc</subfield></datafield><datafield ind1=" " ind2=" " tag="043"><subfield code="a">n-us-ny</subfield></datafield><datafield ind1="0" ind2=" " tag="130"><subfield code="a">Montgomery monitor (Johnstown, N.Y.)</subfield></datafield><datafield ind1="1" ind2="0" tag="245"><subfield code="a">Montgomery monitor.</subfield></datafield><datafield ind1=" " ind2=" " tag="260"><subfield code="a">Johnstown [N.Y.] :</subfield><subfield code="b">Miller &amp; Brown,</subfield><subfield code="c">1809-</subfield></datafield><datafield ind1=" " ind2=" " tag="300"><subfield code="a">v. ;</subfield><subfield code="c">51 cm.</subfield></datafield><datafield ind1=" " ind2=" " tag="310"><subfield code="a">Weekly</subfield></datafield><datafield ind1="1" ind2=" " tag="362"><subfield code="a">Began Nov. 22, 1809?</subfield></datafield><datafield ind1=" " ind2=" " tag="500"><subfield code="a">Imprint varies: Miller &amp; Brown, 1809; Printed by D.C. Miller, 1809-1810; R. Prentice &amp; J.D. Felthousen, 1810-1811; R. Prentice, 1811-&lt;1814&gt;; Prentice &amp; King, &lt;1815&gt;; Sylvester King, &lt;1815&gt;; Duncan McDonald, &lt;1818&gt;; Horatio G. Spafford, &lt;1820&gt;.</subfield></datafield><datafield ind1=" " ind2=" " tag="500"><subfield code="a">Republican, &lt;1810&gt;.</subfield></datafield><datafield ind1=" " ind2=" " tag="588"><subfield code="a">Description based on: Vol. 1, no. 3 (Dec. 6, 1809).</subfield></datafield><datafield ind1=" " ind2="0" tag="651"><subfield code="a">Johnstown (N.Y.)</subfield><subfield code="v">Newspapers.</subfield></datafield><datafield ind1=" " ind2="0" tag="651"><subfield code="a">Fulton County (N.Y.)</subfield><subfield code="v">Newspapers.</subfield></datafield><datafield ind1=" " ind2="7" tag="655"><subfield code="a">Newspapers.</subfield><subfield code="2">fast</subfield><subfield code="0">(OCoLC)fst01423814</subfield></datafield><datafield ind1=" " ind2="7" tag="651"><subfield code="a">New York (State)</subfield><subfield code="z">Fulton County.</subfield><subfield code="2">fast</subfield><subfield code="0">(OCoLC)fst01211826</subfield></datafield><datafield ind1=" " ind2="7" tag="651"><subfield code="a">New York (State)</subfield><subfield code="z">Johnstown.</subfield><subfield code="2">fast</subfield><subfield code="0">(OCoLC)fst01212780</subfield></datafield><datafield ind1="1" ind2=" " tag="700"><subfield code="a">Miller, David Cade.</subfield></datafield><datafield ind1="1" ind2=" " tag="700"><subfield code="a">Brown, Samuel R.,</subfield><subfield code="d">1775-1817.</subfield></datafield><datafield ind1="1" ind2=" " tag="700"><subfield code="a">Prentice, Russell.</subfield></datafield><datafield ind1="1" ind2=" " tag="700"><subfield code="a">Felthousen, Jacob D.</subfield></datafield><datafield ind1="1" ind2=" " tag="700"><subfield code="a">King, Sylvester.</subfield></datafield><datafield ind1="1" ind2=" " tag="700"><subfield code="a">McDonald, Duncan.</subfield></datafield><datafield ind1="1" ind2=" " tag="700"><subfield code="a">Spafford, Horatio Gates,</subfield><subfield code="d">1778-1832.</subfield></datafield><datafield ind1=" " ind2=" " tag="752"><subfield code="a">United States</subfield><subfield code="b">New York</subfield><subfield code="c">Fulton</subfield><subfield code="d">Johnstown.</subfield></datafield><datafield ind1=" " ind2=" " tag="938"><subfield code="a">Kirtas Technologies, Inc.</subfield><subfield code="b">KRTS</subfield><subfield code="n">735640</subfield></datafield></record>